<record xmlns="http://www.loc.gov/MARC21/slim">
   <leader>01482ccm a2200349   4500</leader>
   <controlfield tag="001">1360105</controlfield>
   <controlfield tag="008">910304s1985    it snca         n   ita o</controlfield>
   <datafield ind1="3" ind2="1" tag="028">
      <subfield code="a">G. 6028 Z.</subfield>
      <subfield code="b">Zanibon</subfield>
   </datafield>
   <datafield ind1="3" ind2="1" tag="028">
      <subfield code="a">6028</subfield>
      <subfield code="b">Zanibon</subfield>
   </datafield>
   <datafield ind1=" " ind2=" " tag="035">
      <subfield code="a">ocm22280387</subfield>
   </datafield>
   <datafield ind1=" " ind2=" " tag="040">
      <subfield code="a">RCE</subfield>
      <subfield code="b">eng</subfield>
      <subfield code="c">RCE</subfield>
      <subfield code="d">m/c</subfield>
   </datafield>
   <datafield ind1=" " ind2=" " tag="048">
      <subfield code="a">sc01</subfield>
      <subfield code="a">ka01</subfield>
   </datafield>
   <datafield ind1=" " ind2=" " tag="049">
      <subfield code="a">AEU</subfield>
      <subfield code="b">eng</subfield>
   </datafield>
   <datafield ind1=" " ind2="3" tag="055">
      <subfield code="a">M 231 B66</subfield>
      <subfield code="b">S698 1985</subfield>
   </datafield>
   <datafield ind1="0" ind2=" " tag="090">
      <subfield code="a">M 231 B66 S698 1985 folio</subfield>
   </datafield>
   <datafield ind1="1" ind2=" " tag="100">
      <subfield code="a">Boccherini, Luigi,</subfield>
      <subfield code="d">1743-1805.</subfield>
   </datafield>
   <datafield ind1="1" ind2="0" tag="240">
      <subfield code="a">Sonatas,</subfield>
      <subfield code="m">violoncello, continuo,</subfield>
      <subfield code="r">E♭ major</subfield>
   </datafield>
   <datafield ind1="1" ind2="0" tag="245">
      <subfield code="a">Sonata N. 26 in Mi♭ maggiore</subfield>
      <subfield code="h">[music] /</subfield>
      <subfield code="c">Luigi Boccherini ; nella stesura per violoncello e pianoforte di Wolfango Dalla Vecchia ; edizione a cura di Aldo Pais.</subfield>
   </datafield>
   <datafield ind1=" " ind2=" " tag="260">
      <subfield code="a">Padova :</subfield>
      <subfield code="b">G. Zanibon,</subfield>
      <subfield code="c">c1985.</subfield>
   </datafield>
   <datafield ind1=" " ind2=" " tag="300">
      <subfield code="a">1 score (16 p.) + 1 part (7 p.) ;</subfield>
      <subfield code="c">31 cm.</subfield>
   </datafield>
   <datafield ind1=" " ind2=" " tag="336">
      <subfield code="a">notated music</subfield>
      <subfield code="b">ntm</subfield>
      <subfield code="2">rdacontent</subfield>
   </datafield>
   <datafield ind1=" " ind2=" " tag="337">
      <subfield code="a">unmediated</subfield>
      <subfield code="b">n</subfield>
      <subfield code="2">rdamedia</subfield>
   </datafield>
   <datafield ind1=" " ind2=" " tag="500">
      <subfield code="a">Preface in Italian and English.</subfield>
   </datafield>
   <datafield ind1=" " ind2=" " tag="500">
      <subfield code="a">Duration: ca. 19:00.</subfield>
   </datafield>
   <datafield ind1=" " ind2=" " tag="500">
      <subfield code="a">Publisher's no.: G. 6028 Z.</subfield>
   </datafield>
   <datafield ind1=" " ind2=" " tag="500">
      <subfield code="a">For violoncello and continuo or 2nd violoncello. Not listed in Thematic, bibliographical and critical catalogue of the works of Boccherini / Yves Gérard.</subfield>
   </datafield>
   <datafield ind1=" " ind2=" " tag="596">
      <subfield code="a">43</subfield>
   </datafield>
   <datafield ind1=" " ind2="0" tag="650">
      <subfield code="a">Sonatas (Cello and continuo)</subfield>
      <subfield code="v">Scores and parts.</subfield>
   </datafield>
   <datafield ind1=" " ind2="0" tag="650">
      <subfield code="a">Sonatas (Cellos (2))</subfield>
      <subfield code="v">Scores and parts.</subfield>
   </datafield>
   <datafield ind1="1" ind2=" " tag="700">
      <subfield code="a">Pais, Aldo.</subfield>
   </datafield>
   <datafield ind1="1" ind2=" " tag="700">
      <subfield code="a">Dalla Vecchia, Wolfango.</subfield>
   </datafield>
   <datafield ind1=" " ind2=" " tag="926">
      <subfield code="a">M 231 B66 S698 1985 folio</subfield>
      <subfield code="w">LC</subfield>
      <subfield code="c">1</subfield>
      <subfield code="i">000035807478</subfield>
      <subfield code="d">6/7/2010</subfield>
      <subfield code="e">6/6/2010</subfield>
      <subfield code="l">MUSIC</subfield>
      <subfield code="m">UAHSS</subfield>
      <subfield code="n">4</subfield>
      <subfield code="p">$150.00</subfield>
      <subfield code="r">Y</subfield>
      <subfield code="s">Y</subfield>
      <subfield code="t">MUSICSCORE</subfield>
      <subfield code="u">3/6/1991</subfield>
   </datafield>
</record>
